<?xml version="1.0" encoding="UTF-8"?><record xmlns="http://www.loc.gov/MARC21/slim" xmlns:cinclude="http://apache.org/cocoon/include/1.0" xmlns:zs="http://www.loc.gov/zing/srw/">
  <leader>00511cz  a2200157n  4500</leader>
  <controlfield tag="001">n 2010007066</controlfield>
  <controlfield tag="003">DLC</controlfield>
  <controlfield tag="005">20130327075714.0</controlfield>
  <controlfield tag="008">100201n| azannaabn          |a aaa      </controlfield>
  <datafield tag="010" ind1=" " ind2=" ">
    <subfield code="a">n 2010007066</subfield>
  </datafield>
  <datafield tag="040" ind1=" " ind2=" ">
    <subfield code="a">DLC</subfield>
    <subfield code="b">eng</subfield>
    <subfield code="e">rda</subfield>
    <subfield code="c">DLC</subfield>
    <subfield code="d">DLC</subfield>
  </datafield>
  <datafield tag="046" ind1=" " ind2=" ">
    <subfield code="g">1996</subfield>
  </datafield>
  <datafield tag="100" ind1="1" ind2=" ">
    <subfield code="a">Clemmer, Joe,</subfield>
    <subfield code="d">-1996</subfield>
  </datafield>
  <datafield tag="400" ind1="1" ind2=" ">
    <subfield code="w">nnea</subfield>
    <subfield code="a">Clemmer, Joe,</subfield>
    <subfield code="d">d. 1996</subfield>
  </datafield>
  <datafield tag="400" ind1="1" ind2=" ">
    <subfield code="a">Clemmer, Joseph Eugene,</subfield>
    <subfield code="d">-1996</subfield>
  </datafield>
  <datafield tag="670" ind1=" " ind2=" ">
    <subfield code="a">Clemmer, Wesley. Tuning in to family destiny, c2009:</subfield>
    <subfield code="b">t.p. (Joe Clemmer) p. 6 (Joseph Eugene Cemmer) p. 212 (d. Oct. 23, 1996)</subfield>
  </datafield>
</record>